{
  "leader": "04344cam a2200517 a 4500",
  "fields": [
    {
      "001": "ocn181079193"
    },
    {
      "003": "OCoLC"
    },
    {
      "005": "20220105151959.0"
    },
    {
      "008": "071102s2008\\\\\\\\dcu\\\\\\\\\\\\b\\\\\\\\001\\0\\eng\\\\"
    },
    {
      "010": {
        "ind1": "\\",
        "ind2": "\\",
        "subfields": [
          {
            "a": "  2007045680"
          }
        ]
      }
    },
    {
      "040": {
        "ind1": "\\",
        "ind2": "\\",
        "subfields": [
          {
            "a": "DLC"
          },
          {
            "b": "eng"
          },
          {
            "c": "DLC"
          },
          {
            "d": "YDX"
          },
          {
            "d": "YDXCP"
          },
          {
            "d": "BTCTA"
          },
          {
            "d": "BAKER"
          },
          {
            "d": "WUL"
          },
          {
            "d": "VVC"
          },
          {
            "d": "J2H"
          },
          {
            "d": "IXA"
          },
          {
            "d": "NLGGC"
          },
          {
            "d": "GZM"
          },
          {
            "d": "GEBAY"
          },
          {
            "d": "CDX"
          },
          {
            "d": "OCLCF"
          },
          {
            "d": "AWC"
          },
          {
            "d": "BEDGE"
          },
          {
            "d": "OCLCQ"
          },
          {
            "d": "DEBBG"
          },
          {
            "d": "DEBSZ"
          },
          {
            "d": "OCLCQ"
          },
          {
            "d": "OCLCO"
          },
          {
            "d": "CPO"
          },
          {
            "d": "UKMGB"
          },
          {
            "d": "OCLCA"
          },
          {
            "d": "BDP"
          },
          {
            "d": "L2U"
          },
          {
            "d": "OCLCO"
          },
          {
            "d": "OCLCQ"
          },
          {
            "d": "OCLCO"
          }
        ]
      }
    },
    {
      "016": {
        "ind1": "7",
        "ind2": "\\",
        "subfields": [
          {
            "a": "014538554"
          },
          {
            "2": "Uk"
          }
        ]
      }
    },
    {
      "020": {
        "ind1": "\\",
        "ind2": "\\",
        "subfields": [
          {
            "a": "9780870032394"
          },
          {
            "q": "(pbk. ;"
          },
          {
            "q": "alk. paper)"
          }
        ]
      }
    },
    {
      "020": {
        "ind1": "\\",
        "ind2": "\\",
        "subfields": [
          {
            "a": "0870032399"
          },
          {
            "q": "(pbk. ;"
          },
          {
            "q": "alk. paper)"
          }
        ]
      }
    },
    {
      "020": {
        "ind1": "\\",
        "ind2": "\\",
        "subfields": [
          {
            "a": "9780870032400"
          },
          {
            "q": "(cloth ;"
          },
          {
            "q": "alk. paper)"
          }
        ]
      }
    },
    {
      "020": {
        "ind1": "\\",
        "ind2": "\\",
        "subfields": [
          {
            "a": "0870032402"
          },
          {
            "q": "(cloth ;"
          },
          {
            "q": "alk. paper)"
          }
        ]
      }
    },
    {
      "024": {
        "ind1": "3",
        "ind2": "\\",
        "subfields": [
          {
            "a": "9780870032394"
          }
        ]
      }
    },
    {
      "035": {
        "ind1": "\\",
        "ind2": "\\",
        "subfields": [
          {
            "a": "(OCoLC)181079193"
          }
        ]
      }
    },
    {
      "043": {
        "ind1": "\\",
        "ind2": "\\",
        "subfields": [
          {
            "a": "ma-----"
          }
        ]
      }
    },
    {
      "050": {
        "ind1": "0",
        "ind2": "0",
        "subfields": [
          {
            "a": "JQ1850.A91"
          },
          {
            "b": "B49 2008"
          }
        ]
      }
    },
    {
      "055": {
        "ind1": "\\",
        "ind2": "4",
        "subfields": [
          {
            "a": "JQ1850 A91"
          },
          {
            "b": "B49"
          }
        ]
      }
    },
    {
      "082": {
        "ind1": "0",
        "ind2": "0",
        "subfields": [
          {
            "a": "320.9174927"
          },
          {
            "b": "BEY"
          }
        ]
      }
    },
    {
      "245": {
        "ind1": "0",
        "ind2": "0",
        "subfields": [
          {
            "a": "Beyond the fac\u0326ade :"
          },
          {
            "b": "political reform in the Arab world /"
          },
          {
            "c": "Marina Ottaway, Julia Choucair-Vizoso, editors."
          }
        ]
      }
    },
    {
      "260": {
        "ind1": "\\",
        "ind2": "\\",
        "subfields": [
          {
            "a": "Washington, D.C. :"
          },
          {
            "b": "Carnegie Endowment for International Peace,"
          },
          {
            "c": "\u00a92008."
          }
        ]
      }
    },
    {
      "300": {
        "ind1": "\\",
        "ind2": "\\",
        "subfields": [
          {
            "a": "x, 295 pages ;"
          },
          {
            "c": "23 cm"
          }
        ]
      }
    },
    {
      "336": {
        "ind1": "\\",
        "ind2": "\\",
        "subfields": [
          {
            "a": "text"
          },
          {
            "b": "txt"
          },
          {
            "2": "rdacontent"
          }
        ]
      }
    },
    {
      "337": {
        "ind1": "\\",
        "ind2": "\\",
        "subfields": [
          {
            "a": "unmediated"
          },
          {
            "b": "n"
          },
          {
            "2": "rdamedia"
          }
        ]
      }
    },
    {
      "338": {
        "ind1": "\\",
        "ind2": "\\",
        "subfields": [
          {
            "a": "volume"
          },
          {
            "b": "nc"
          },
          {
            "2": "rdacarrier"
          }
        ]
      }
    },
    {
      "505": {
        "ind1": "0",
        "ind2": "\\",
        "subfields": [
          {
            "a": "Evaluating Middle East reforms : significant or cosmetic? / Marina Ottaway -- The ups and downs of political reform in Egypt / Michele Dunne and Amr Hamzawy -- Illusive reform : Jordan's stubborn stability / Julia Choucair-Vizoso -- Reform in Syria : steering between the Chinese model and regime change / Ellen Lust-Okar -- Requiem for Palestinian reform : clear lessons from a troubled record / Nathan Brown -- Lebanon : the challenge of reform in a weak state / Julia Choucair-Vizoso -- Demilitarizing Algeria / Hugh Roberts -- Morocco : top-down reform without democratic transition / Marina Ottaway and Meredith Riley -- The Saudi labyrinth : is there a political opening? / Amr Hamzawy -- Kuwait : politics in a participatory emirate / Paul Salem -- Yemen : the centrality of process / Sarah Phillips -- Movement in lieu of change / Julia Choucair-Vizoso."
          }
        ]
      }
    },
    {
      "504": {
        "ind1": "\\",
        "ind2": "\\",
        "subfields": [
          {
            "a": "Includes bibliographical references and index."
          }
        ]
      }
    },
    {
      "520": {
        "ind1": "\\",
        "ind2": "\\",
        "subfields": [
          {
            "a": "Reform is a politically charged issue in the Middle East. Governments admit change is necessary, but do not want to surrender power. Opposition groups want democracy, but cannot generate sufficient momentum. The Bush administration's \"freedom agenda\" has brought issue into focus but blurred distinction between democracy promotion and forceful regime change. Some governments have taken steps toward political reform. Are these meaningful changes, or empty attempts to pacify domestic and international public opinion? How do we distinguish reforms that alter character of the political system from those that are only window dressing? This book evaluates changes that are taking place in the region and explores the potential for further reform. The essays provide detailed examinations of ten countries, highlighting diversity of processes and problems. They force us to recognize the reality of conflicting interests and the limitations of external actors to bring about political reform, while drawing lessons on how to make international democracy promotion more effective."
          }
        ]
      }
    },
    {
      "650": {
        "ind1": "\\",
        "ind2": "0",
        "subfields": [
          {
            "a": "Democratization"
          },
          {
            "z": "Arab countries."
          }
        ]
      }
    },
    {
      "651": {
        "ind1": "\\",
        "ind2": "0",
        "subfields": [
          {
            "a": "Arab countries"
          },
          {
            "x": "Politics and government"
          },
          {
            "y": "1945-"
          }
        ]
      }
    },
    {
      "650": {
        "ind1": "\\",
        "ind2": "7",
        "subfields": [
          {
            "a": "Democratization."
          },
          {
            "2": "fast"
          },
          {
            "0": "(OCoLC)fst00890123"
          }
        ]
      }
    },
    {
      "650": {
        "ind1": "\\",
        "ind2": "7",
        "subfields": [
          {
            "a": "Politics and government"
          },
          {
            "2": "fast"
          },
          {
            "0": "(OCoLC)fst01919741"
          }
        ]
      }
    },
    {
      "651": {
        "ind1": "\\",
        "ind2": "7",
        "subfields": [
          {
            "a": "Arab countries."
          },
          {
            "2": "fast"
          },
          {
            "0": "(OCoLC)fst01240128"
          }
        ]
      }
    },
    {
      "648": {
        "ind1": "\\",
        "ind2": "7",
        "subfields": [
          {
            "a": "Since 1945"
          },
          {
            "2": "fast"
          }
        ]
      }
    },
    {
      "700": {
        "ind1": "1",
        "ind2": "\\",
        "subfields": [
          {
            "a": "Ottaway, Marina."
          }
        ]
      }
    },
    {
      "700": {
        "ind1": "1",
        "ind2": "\\",
        "subfields": [
          {
            "a": "Choucair-Vizoso, Julia."
          }
        ]
      }
    },
    {
      "776": {
        "ind1": "0",
        "ind2": "8",
        "subfields": [
          {
            "i": "Online version:"
          },
          {
            "t": "Beyond the fac\u0326ade."
          },
          {
            "d": "Washington, D.C. : Carnegie Endowment for International Peace, \u00a92008"
          },
          {
            "w": "(OCoLC)608619536"
          }
        ]
      }
    },
    {
      "856": {
        "ind1": "4",
        "ind2": "1",
        "subfields": [
          {
            "3": "Table of contents"
          },
          {
            "u": "http://catdir.loc.gov/catdir/toc/fy0903/2007045680.html"
          }
        ]
      }
    },
    {
      "856": {
        "ind1": "4",
        "ind2": "1",
        "subfields": [
          {
            "3": "Table of contents"
          },
          {
            "u": "http://bvbr.bib-bvb.de:8991/F?func=service&doc_library=BVB01&local_base=BVB01&doc_number=016255863&line_number=0001&func_code=DB_RECORDS&service_type=MEDIA"
          }
        ]
      }
    },
    {
      "856": {
        "ind1": "4",
        "ind2": "1",
        "subfields": [
          {
            "3": "Table of contents"
          },
          {
            "u": "http://bvbr.bib-bvb.de:8991/F?func=service&doc_library=BVB01&doc_number=016255863&line_number=0001&func_code=DB_RECORDS&service_type=MEDIA"
          },
          {
            "v": "20090731000000"
          }
        ]
      }
    },
    {
      "994": {
        "ind1": "\\",
        "ind2": "\\",
        "subfields": [
          {
            "a": "Z0"
          },
          {
            "b": "NYRVC"
          }
        ]
      }
    },
    {
      "948": {
        "ind1": "\\",
        "ind2": "\\",
        "subfields": [
          {
            "h": "NO HOLDINGS IN NYRVC - 351 OTHER HOLDINGS"
          }
        ]
      }
    },
    {
      "999": {
        "ind1": "\\",
        "ind2": "\\",
        "subfields": [
          {
            "a": "00000000019120"
          }
        ]
      }
    }
  ]
}